%YAML 1.1
%TAG !u! tag:unity3d.com,2011:
--- !u!1 &2676675718020916748
GameObject:
  m_ObjectHideFlags: 0
  m_CorrespondingSourceObject: {fileID: 0}
  m_PrefabInstance: {fileID: 0}
  m_PrefabAsset: {fileID: 0}
  serializedVersion: 6
  m_Component:
  - component: {fileID: 6475003148155522166}
  - component: {fileID: 876091878312941092}
  - component: {fileID: 4998060946406563692}
  - component: {fileID: 3207584702445109844}
  m_Layer: 0
  m_Name: Arrow
  m_TagString: Arrow
  m_Icon: {fileID: 0}
  m_NavMeshLayer: 0
  m_StaticEditorFlags: 0
  m_IsActive: 1
--- !u!4 &6475003148155522166
Transform:
  m_ObjectHideFlags: 0
  m_CorrespondingSourceObject: {fileID: 0}
  m_PrefabInstance: {fileID: 0}
  m_PrefabAsset: {fileID: 0}
  m_GameObject: {fileID: 2676675718020916748}
  m_LocalRotation: {x: 0, y: 0, z: 0, w: 1}
  m_LocalPosition: {x: 0, y: 0, z: 0}
  m_LocalScale: {x: 1, y: 1, z: 1}
  m_Children:
  - {fileID: 5842928923166694946}
  m_Father: {fileID: 0}
  m_RootOrder: 0
  m_LocalEulerAnglesHint: {x: 0, y: 0, z: 0}
--- !u!114 &876091878312941092
MonoBehaviour:
  m_ObjectHideFlags: 0
  m_CorrespondingSourceObject: {fileID: 0}
  m_PrefabInstance: {fileID: 0}
  m_PrefabAsset: {fileID: 0}
  m_GameObject: {fileID: 2676675718020916748}
  m_Enabled: 0
  m_EditorHideFlags: 0
  m_Script: {fileID: 11500000, guid: c89c57b01d1f69c49a612ce07dc4d849, type: 3}
  m_Name: 
  m_EditorClassIdentifier: 
  shootForce: 1300
--- !u!65 &4998060946406563692
BoxCollider:
  m_ObjectHideFlags: 0
  m_CorrespondingSourceObject: {fileID: 0}
  m_PrefabInstance: {fileID: 0}
  m_PrefabAsset: {fileID: 0}
  m_GameObject: {fileID: 2676675718020916748}
  m_Material: {fileID: 0}
  m_IsTrigger: 1
  m_Enabled: 1
  serializedVersion: 2
  m_Size: {x: 0.08, y: 0.08, z: 0.8}
  m_Center: {x: 0, y: 0, z: 0.35}
--- !u!54 &3207584702445109844
Rigidbody:
  m_ObjectHideFlags: 0
  m_CorrespondingSourceObject: {fileID: 0}
  m_PrefabInstance: {fileID: 0}
  m_PrefabAsset: {fileID: 0}
  m_GameObject: {fileID: 2676675718020916748}
  serializedVersion: 2
  m_Mass: 1
  m_Drag: 0
  m_AngularDrag: 0.05
  m_UseGravity: 1
  m_IsKinematic: 1
  m_Interpolate: 0
  m_Constraints: 0
  m_CollisionDetection: 0
--- !u!1001 &5843976877962710526
PrefabInstance:
  m_ObjectHideFlags: 0
  serializedVersion: 2
  m_Modification:
    m_TransformParent: {fileID: 6475003148155522166}
    m_Modifications:
    - target: {fileID: 1483375023890242, guid: ab995a2c85c47c54dbec115952e637ec, type: 3}
      propertyPath: m_Name
      value: Arrow (1)
      objectReference: {fileID: 0}
    - target: {fileID: 4427630239847388, guid: ab995a2c85c47c54dbec115952e637ec, type: 3}
      propertyPath: m_LocalPosition.x
      value: 0
      objectReference: {fileID: 0}
    - target: {fileID: 4427630239847388, guid: ab995a2c85c47c54dbec115952e637ec, type: 3}
      propertyPath: m_LocalPosition.y
      value: 0
      objectReference: {fileID: 0}
    - target: {fileID: 4427630239847388, guid: ab995a2c85c47c54dbec115952e637ec, type: 3}
      propertyPath: m_LocalPosition.z
      value: 0
      objectReference: {fileID: 0}
    - target: {fileID: 4427630239847388, guid: ab995a2c85c47c54dbec115952e637ec, type: 3}
      propertyPath: m_LocalRotation.x
      value: 0.7071068
      objectReference: {fileID: 0}
    - target: {fileID: 4427630239847388, guid: ab995a2c85c47c54dbec115952e637ec, type: 3}
      propertyPath: m_LocalRotation.y
      value: 0
      objectReference: {fileID: 0}
    - target: {fileID: 4427630239847388, guid: ab995a2c85c47c54dbec115952e637ec, type: 3}
      propertyPath: m_LocalRotation.z
      value: 0
      objectReference: {fileID: 0}
    - target: {fileID: 4427630239847388, guid: ab995a2c85c47c54dbec115952e637ec, type: 3}
      propertyPath: m_LocalRotation.w
      value: 0.7071068
      objectReference: {fileID: 0}
    - target: {fileID: 4427630239847388, guid: ab995a2c85c47c54dbec115952e637ec, type: 3}
      propertyPath: m_RootOrder
      value: 0
      objectReference: {fileID: 0}
    - target: {fileID: 4427630239847388, guid: ab995a2c85c47c54dbec115952e637ec, type: 3}
      propertyPath: m_LocalEulerAnglesHint.x
      value: 90
      objectReference: {fileID: 0}
    - target: {fileID: 4427630239847388, guid: ab995a2c85c47c54dbec115952e637ec, type: 3}
      propertyPath: m_LocalEulerAnglesHint.y
      value: 0
      objectReference: {fileID: 0}
    - target: {fileID: 4427630239847388, guid: ab995a2c85c47c54dbec115952e637ec, type: 3}
      propertyPath: m_LocalEulerAnglesHint.z
      value: 0
      objectReference: {fileID: 0}
    - target: {fileID: 4427630239847388, guid: ab995a2c85c47c54dbec115952e637ec, type: 3}
      propertyPath: m_LocalScale.x
      value: 0.2
      objectReference: {fileID: 0}
    - target: {fileID: 4427630239847388, guid: ab995a2c85c47c54dbec115952e637ec, type: 3}
      propertyPath: m_LocalScale.y
      value: 0.2
      objectReference: {fileID: 0}
    - target: {fileID: 4427630239847388, guid: ab995a2c85c47c54dbec115952e637ec, type: 3}
      propertyPath: m_LocalScale.z
      value: 0.2
      objectReference: {fileID: 0}
    - target: {fileID: 65619825786380570, guid: ab995a2c85c47c54dbec115952e637ec,
        type: 3}
      propertyPath: m_IsTrigger
      value: 1
      objectReference: {fileID: 0}
    m_RemovedComponents: []
  m_SourcePrefab: {fileID: 100100000, guid: ab995a2c85c47c54dbec115952e637ec, type: 3}
--- !u!4 &5842928923166694946 stripped
Transform:
  m_CorrespondingSourceObject: {fileID: 4427630239847388, guid: ab995a2c85c47c54dbec115952e637ec,
    type: 3}
  m_PrefabInstance: {fileID: 5843976877962710526}
  m_PrefabAsset: {fileID: 0}
